@inproceedings{1281670,
    author = {Drone, Shannon},
    title = {Real-time particle systems on the {GPU} in dynamic environments},
    booktitle = {SIGGRAPH '07: ACM SIGGRAPH 2007 courses},
    year = {2007},
    pages = {80--96},
    location = {San Diego, California},
    doi = {http://doi.acm.org/10.1145/1281500.1281670},
    publisher = {ACM},
    address = {New York, NY, USA}
}

@article{357320,
    author = {Reeves, W. T.},
    title = {Particle Systems---a Technique for Modeling a Class of Fuzzy Objects},
    journal = {ACM Trans. Graph.},
    volume = {2},
    number = {2},
    year = {1983},
    issn = {0730-0301},
    pages = {91--108},
    doi = {http://doi.acm.org/10.1145/357318.357320},
    publisher = {ACM},
    address = {New York, NY, USA}
}

@inproceedings{kipfer:2004:UberFlow,
 author = {Peter Kipfer and Mark Segal and R{\"u}diger Westermann},
 title = {{UberFlow}: a {GPU}-based particle engine},
 booktitle = {HWWS '04: Proceedings of the ACM SIGGRAPH/EUROGRAPHICS conference on Graphics hardware},
 year = {2004},
 isbn = {3-905673-15-0},
 pages = {115--122},
 location = {Grenoble, France},
 doi = {http://doi.acm.org/10.1145/1058129.1058146},
 publisher = {ACM Press},
 address = {New York, NY, USA},
}

@etc{verlet,
 author = {Jonathan Dummer},
 title = {A Simple Time-Corrected Verlet Integration Method},
 year = {2009},
 howpublished = {\url{http://www.gamedev.net/reference/programming/features/verlet/}},
}